<?xml version="1.0" encoding="UTF-8"?><collection xmlns="http://www.loc.gov/MARC21/slim"><record><leader>00598nam--2200181-i-4500</leader><controlfield tag="001">000002297</controlfield><controlfield tag="002">20161230</controlfield><controlfield tag="005">20161230201024</controlfield><controlfield tag="008">060222s1000------------r-----000-0-eng-d</controlfield><datafield ind1=" " ind2=" " tag="040"><subfield code="a">IFIN-HH</subfield></datafield><datafield ind1=" " ind2=" " tag="080"><subfield code="a">537.534.35</subfield></datafield><datafield ind1="1" ind2=" " tag="100"><subfield code="a">Hren, John. J</subfield></datafield><datafield ind1="1" ind2="0" tag="245"><subfield code="a">Field-ion microscopy</subfield><subfield code="b">Based upon a short lecture course presented march 14-22, 1966 at the university of florida, gainesville, florida</subfield><subfield code="c">John j. hren, s. renganathan (eds.)</subfield></datafield><datafield ind1=" " ind2=" " tag="260"><subfield code="a">New York</subfield><subfield code="b">Plenum Press</subfield><subfield code="c">1968</subfield></datafield><datafield ind1=" " ind2=" " tag="300"><subfield code="a">XIV + 244 P</subfield></datafield><datafield ind1="1" ind2=" " tag="700"><subfield code="a">Ranganathan, S</subfield><subfield code="e">Ed</subfield></datafield><datafield ind1=" " ind2=" " tag="852"><subfield code="a">33115</subfield><subfield code="c">537.533.35</subfield></datafield><datafield ind1=" " ind2=" " tag="CAT"><subfield code="a">Sys</subfield><subfield code="c">20110905</subfield><subfield code="h">132928</subfield></datafield></record></collection>